<?xml version="1.0" encoding="UTF-8"?><record xmlns="http://www.loc.gov/MARC21/slim" xmlns:cinclude="http://apache.org/cocoon/include/1.0" xmlns:zs="http://www.loc.gov/zing/srw/">
  <leader>00540cz  a2200145n  4500</leader>
  <controlfield tag="001">no2003103734</controlfield>
  <controlfield tag="003">DLC</controlfield>
  <controlfield tag="005">20060808052229.0</controlfield>
  <controlfield tag="008">031015n| acannaabn          |n ana     c</controlfield>
  <datafield tag="010" ind1=" " ind2=" ">
    <subfield code="a">no2003103734</subfield>
  </datafield>
  <datafield tag="035" ind1=" " ind2=" ">
    <subfield code="a">(OCoLC)oca06178355</subfield>
  </datafield>
  <datafield tag="040" ind1=" " ind2=" ">
    <subfield code="a">NIC-Mu</subfield>
    <subfield code="b">eng</subfield>
    <subfield code="c">NIC-Mu</subfield>
    <subfield code="d">NBuU-Mu</subfield>
    <subfield code="d">CU-S</subfield>
  </datafield>
  <datafield tag="110" ind1="2" ind2=" ">
    <subfield code="a">Vapori del Cuore (Musical group)</subfield>
  </datafield>
  <datafield tag="670" ind1=" " ind2=" ">
    <subfield code="a">From Gdansk till dawn, p2002:</subfield>
    <subfield code="b">insert (Vapori del Cuore)</subfield>
  </datafield>
  <datafield tag="670" ind1=" " ind2=" ">
    <subfield code="a">Leonardo on-line, January 28, 2003</subfield>
    <subfield code="b">(formed late in 1993 as an open group by members of other contemporary music ensembles in Bratislava)</subfield>
  </datafield>
</record>